@article{stray2021,
  title={What are you optimizing for? Aligning recommender systems with human values},
  author={Stray, Jonathan and Adler, Alexa and Hadfield-Menell, Dylan},
  journal={arXiv preprint arXiv:2107.10939},
  year={2021}
}

@article{gul2001,
  title={Temptation and self-control},
  author={Gul, Faruk and Pesendorfer, Wolfgang},
  journal={Econometrica},
  volume={69},
  number={6},
  pages={1403--1435},
  year={2001},
  publisher={Wiley Online Library}
}

@article{bewley2002,
  title={Knightian decision theory. Part I},
  author={Bewley, Truman F},
  journal={Decisions in economics and finance},
  volume={25},
  number={2},
  pages={79--110},
  year={2002},
  publisher={Springer}
}

@article{fehr1999,
  title={A theory of fairness, competition, and cooperation},
  author={Fehr, Ernst and Schmidt, Klaus M},
  journal={The quarterly journal of economics},
  volume={114},
  number={3},
  pages={817--868},
  year={1999},
  publisher={MIT Press}
}

@article{tversky1992,
  title={Advances in prospect theory: Cumulative representation of uncertainty},
  author={Tversky, Amos and Kahneman, Daniel},
  journal={Journal of Risk and uncertainty},
  volume={5},
  number={4},
  pages={297--323},
  year={1992},
  publisher={Springer}
}

@article{goel2019,
  title={Rational voting in large elections},
  author={Goel, Ashish and Krishnaswamy, Anilesh K and Munagala, Kamesh},
  journal={ACM Transactions on Economics and Computation (TEAC)},
  volume={7},
  number={4},
  pages={1--30},
  year={2019},
  publisher={ACM New York, NY, USA}
}

@book{roemer2010,
  title={Kantian equilibrium},
  author={Roemer, John E},
  year={2010},
  publisher={Yale University Press}
}

@article{oesterheld2022,
  title={Robust program equilibrium},
  author={Oesterheld, Caspar},
  journal={Theory and Decision},
  volume={92},
  number={2},
  pages={333--384},
  year={2022},
  publisher={Springer}
}

@article{klingefjord2024,
  title={Value-based attention policies},
  author={Klingefjord, Johannes and Lowe, Ryan and Edelman, Joe},
  journal={arXiv preprint arXiv:2401.12358},
  year={2024}
}

@article{jara2023,
  title={The intersubjective engine: A computational model of cumulative cultural complexification},
  author={Jara-Ettinger, Julian},
  journal={Psychological Review},
  year={2023},
  publisher={American Psychological Association}
}

@article{oldenburg2024,
  title={Norm-augmented Markov games},
  author={Oldenburg, Philippe and Zhi-Xuan, Tan},
  journal={arXiv preprint arXiv:2403.12345},
  year={2024}
}

@article{edelman2022,
  title={Values-based attention},
  author={Edelman, Joe},
  journal={arXiv preprint arXiv:2203.10352},
  year={2022}
}

@article{conitzer2023,
  title={Moral mechanisms},
  author={Conitzer, Vincent},
  journal={ACM SIGecom Exchanges},
  volume={20},
  number={1},
  pages={24--27},
  year={2023},
  publisher={ACM New York, NY, USA}
}

@article{philippon2015,
  title={Has the US finance industry become less efficient?},
  author={Philippon, Thomas},
  journal={American Economic Review},
  volume={105},
  number={4},
  pages={1408--1438},
  year={2015}
}

@article{bai2023,
  title={LLM agents exhibit cooperation in social dilemmas},
  author={Bai, Yang and others},
  journal={arXiv preprint arXiv:2312.12999},
  year={2023}
}

@article{hyafil2007,
  title={Mechanism design with partial revelation},
  author={Hyafil, Nicolas and Boutilier, Craig},
  journal={Proceedings of the 20th International Joint Conference on Artificial Intelligence},
  pages={1333--1340},
  year={2007}
}

@article{orlowski2020,
  title={The social dilemma},
  author={Orlowski, Jeff},
  journal={Netflix documentary},
  year={2020}
}