% Verified references with proper BibTeX entries

@article{gul2001,
  title={Temptation and Self-Control},
  author={Gul, Faruk and Pesendorfer, Wolfgang},
  journal={Econometrica},
  volume={69},
  number={6},
  pages={1403--1435},
  year={2001},
  publisher={The Econometric Society},
  doi={10.1111/1468-0262.00252}
}

@article{bewley2002,
  title={Knightian decision theory. Part I},
  author={Bewley, Truman F.},
  journal={Decisions in Economics and Finance},
  volume={25},
  number={2},
  pages={79--110},
  year={2002},
  publisher={Springer Science and Business Media LLC},
  doi={10.1007/s102030200006}
}

@article{fehr1999,
  title={A Theory of Fairness, Competition, and Cooperation},
  author={Fehr, E. and Schmidt, K. M.},
  journal={The Quarterly Journal of Economics},
  volume={114},
  number={3},
  pages={817--868},
  year={1999},
  publisher={Oxford University Press},
  doi={10.1162/003355399556151}
}

@article{tversky1992,
  title={Advances in prospect theory: Cumulative representation of uncertainty},
  author={Tversky, Amos and Kahneman, Daniel},
  journal={Journal of Risk and Uncertainty},
  volume={5},
  number={4},
  pages={297--323},
  year={1992},
  publisher={Springer Science and Business Media LLC},
  doi={10.1007/bf00122574}
}

@article{klingefjord2024,
  title={What are human values, and how do we align AI to them?},
  author={Klingefjord, Oliver and Lowe, Ryan and Edelman, Joe},
  journal={arXiv preprint arXiv:2401.12358},
  year={2024}
}

@misc{edelman2022,
  title={Values-based attention},
  author={Edelman, Joe},
  howpublished={\url{https://github.com/jxe/vpm/blob/master/vpm.pdf}},
  year={2022}
}

@article{stray2021,
  title={What are you optimizing for? Aligning recommender systems with human values},
  author={Stray, Jonathan and Adler, Alexa and Hadfield-Menell, Dylan},
  journal={arXiv preprint arXiv:2107.10939},
  year={2021}
}

@article{oesterheld2022,
  title={Robust program equilibrium},
  author={Oesterheld, Caspar},
  journal={Theory and Decision},
  volume={86},
  number={1},
  pages={143--159},
  year={2018},
  publisher={Springer},
  doi={10.1007/s11238-018-9679-3}
}

@misc{orlowski2020,
  title={The Social Dilemma},
  author={Orlowski, Jeff},
  howpublished={Netflix documentary film},
  year={2020}
}

@article{philippon2015,
  title={Has the US Finance Industry Become Less Efficient? On the Theory and Measurement of Financial Intermediation},
  author={Philippon, Thomas},
  journal={American Economic Review},
  volume={105},
  number={4},
  pages={1408--1438},
  year={2015},
  publisher={American Economic Association},
  doi={10.1257/aer.20120578}
}

@article{roemer2010,
  title={Kantian Equilibrium},
  author={Roemer, John E.},
  journal={Scandinavian Journal of Economics},
  volume={112},
  number={1},
  pages={1--24},
  year={2010},
  publisher={Wiley},
  doi={10.1111/j.1467-9442.2009.01592.x}
}

@inbook{spohn2003,
  title={Lehrer Meets Ranking Theory},
  author={Spohn, Wolfgang},
  booktitle={The Epistemology of Keith Lehrer},
  pages={129--142},
  year={2003},
  publisher={Springer Netherlands},
  doi={10.1007/978-94-010-0013-0_9}
}

@book{manin1997,
  title={The Principles of Representative Government},
  author={Manin, Bernard},
  year={1997},
  publisher={Cambridge University Press},
  doi={10.1017/cbo9780511659935}
}

@book{velleman1989,
  title={Practical Reflection},
  author={Velleman, J. David},
  year={1989},
  publisher={Princeton University Press},
  address={Princeton, NJ},
  isbn={9780691020082}
}

@book{velleman2009,
  title={How We Get Along},
  author={Velleman, J. David},
  year={2009},
  month={apr},
  publisher={Cambridge University Press},
  isbn={9780511808296},
  doi={10.1017/cbo9780511808296},
  url={http://dx.doi.org/10.1017/cbo9780511808296}
}

@misc{carauleanu2024safehonestaiagents,
  title={Towards Safe and Honest AI Agents with Neural Self-Other Overlap}, 
  author={Marc Carauleanu and Michael Vaiana and Judd Rosenblatt and Cameron Berg and Diogo Schwerz de Lucena},
  year={2024},
  eprint={2412.16325},
  archivePrefix={arXiv},
  primaryClass={cs.AI},
  url={https://arxiv.org/abs/2412.16325}, 
}

@book{levi1986,
  title={Hard Choices: Decision Making under Unresolved Conflict},
  author={Levi, Isaac},
  year={1986},
  month={nov},
  publisher={Cambridge University Press},
  isbn={9781139171960},
  doi={10.1017/cbo9781139171960},
  url={http://dx.doi.org/10.1017/cbo9781139171960}
}

@book{chang1997,
  title={Incommensurability, Incomparability, and Practical Reason},
  editor={Chang, Ruth},
  year={1997},
  address={Cambridge, MA},
  publisher={Harvard University Press},
  pages={303}
}

@book{taylor2003,
  title={Modern Social Imaginaries},
  author={Taylor, Charles},
  year={2003},
  month={dec},
  publisher={Duke University Press},
  isbn={9780822332558},
  doi={10.2307/j.ctv11hpgvt},
  url={http://dx.doi.org/10.2307/j.ctv11hpgvt}
}

